@article{cahyono2019,
    author = {Cahyono, H},
    year = {2019},
    title = {{Peran Mahasiswa di Masyarakat}},
    journal = {De Banten-Bode: Jurnal Pengabdian Kepada Masyarakat (PKM) Setiabudhi},
    volume = {1},
    number = {1},
    pages = {32--41}
}

@article{darmayadi2011,
    author = {Darmayadi, A},
    year = {2011},
    title = {{Pergerakan Mahasiswa dalam Perspektif Partisipasi Politik: Partisipasi Otonom atau Mobilisasi}},
    journal = {Majalah Ilmiah UNIKOM}
}

@article{febrianasari2022,
    author = {Febrianasari, S A},
    year = {2022},
    title = {{Kebebasan Berpendapat dalam Perspektif Kedaulatan Rakyat}},
    journal = {Souvereignty},
    volume = {1},
    number = {2},
    pages = {238--246}
}

@article{ismaidar2023,
    author = {Ismaidar, I and Sinaga, R H},
    year = {2023},
    title = {{Peranan Mahasiswa Dalam Mengawal Konstitusi Serta Membangun Kesadaran dan Optimisme Politik Hukum}},
    journal = {Innovative: Journal Of Social Science Research},
    volume = {3},
    number = {6},
    pages = {10202--10215}
}

@book{patmi2021,
    author = {Patmi, S},
    year = {2021},
    title = {{Mewujudkan Indonesia Maju Bersama Gagasan Inovatif Generasi Muda}},
    publisher = {Fianosa Publishing}
}

@book{ramdhani2018,
    author = {Ramdhani, N and Patria, B},
    year = {2018},
    title = {{Psikologi untuk Indonesia Maju dan Beretika}},
    publisher = {UGM Press}
}

@article{setyadi2021,
    author = {Setyadi, Y D and Wulandari, D and Lestari, L D and Meliasari, W O and Sari, I N},
    year = {2021},
    title = {{Peran Mahasiswa Kampus Mengajar 2 Sebagai ``Agent of Change dan Social Control''}},
    journal = {Dinamisia: Jurnal Pengabdian Kepada Masyarakat},
    volume = {5},
    number = {6},
    pages = {1542--1547}
}

@article{tambunan2022,
    author = {Tambunan, Y S and Sinaga, N A and Hutabarat, S V},
    year = {2022},
    title = {{The Role of Students in Supporting Indonesia Become Qualified Economic Actors in the Digital Era}},
    journal = {Jurnal Ekonomi},
    volume = {11},
    number = {3},
    pages = {1447--1452}
}

@book{ulfiza2020,
    author = {Ulfiza, U},
    year ={2020},
    title = {{The Youth: Bagaimana Milenial Membawa Harapan untuk Indonesia Maju}},
    address = {Bandung Timur},
    publisher = {Edwrite Publishing}
}

@book{white2008,
    author = {White, R D and Wyn, J},
    year = {2008},
    title = {{Youth and Society: Exploring the Social Dynamics of Youth Experience}},
    publisher = {Oxford University Press}
}