@book{farihati-2025:panduan-aril-fstmtk,
    author = {Sitta Alief Farihati and Tri Wijayanti Septiarini},
    year = {2025},
    title = {{Panduan Artikel Ilmiah Program Studi S1 Matematika FST UT}},
    address = {Tangerang Selatan},
    publisher = {Universitas Terbuka},
    url = {https://matematika-fst.ut.ac.id/wp-content/uploads/2025/07/Buku-Panduan-Aril-2025.pdf}
}

@book{yunus-2022:panduan-matkul-karil,
    author={Mohamad Yunus and Kartono and Tuti Purwaningsih and Siti Aisyah and Dewi Juliah Ratnaningsih and Pepi Rospina and Inggit Winarni and Nang Budianto},
    year={2022},
    title={{Panduan Mata Kuliah Karya Ilmiah Program Sarjana dan Diploma IV Universitas Terbuka}},
    address={Tangerang Selatan},
    publisher={Universitas Terbuka}
}

@article{fitriani-2024:pelatihan-latex,
    author = {Fitriani and Ahmad Faisol and Aang Nuryaman and Dian Kurniasari and Bernadhita Herindri Samodera Utami},
    year = {2024},
    title = {{Pelatihan LaTeX Menggunakan Overleaf untuk Meningkatkan 
    Kemampuan Penulisan Karya Ilmiah bagi Dosen di Pringsewu}},
    journal = {Jurnal Pengabdian Kepada Masyarakat TABIKPUN},
    volume = {5},
    number = {3},
    doi = {10.23960/jpkmt.v5i3.184}
}

@magazine{risalah-2025:pajak-sengsara,
    author = {Jeje Zaenudin},
    year = {2025},
    month = {September},
    day = {1},
    title = {{Pajak Negara Bikin Rakyat Sengsara}},
    journal = {Risalah},
    volume = {63},
    pages = {45--61}
}

@article{kompas-2025:mapel-snbp-26,
    author = {Sandra Desi Caesaria and Mahar Prastiwi},
    year = {2025},
    month = {Agustus},
    day = {26},
    title = {{Aturan Baru Mapel Pendukung SNBP 2026 buat 59 Jurusan Kuliah}},
    journal = {Kompas}
}

@mastersthesis{sitinjak-2006:analisis-saham-bursa-efek-jakarta,
    author = {Mula Pandapotan Sitinjak},
    year = {2006},
    title = {{Analisis Faktor yang Memengaruhi Harga Saham Industri Perbankan di Bursa Efek Jakarta}},
    school = {Universitas Terbuka}
}

@phdthesis{rosana-2025:restorasi-lahan-gambut,
    author = {Elly Rosana and Pudji Muljono and Djuara P. Lubis and Anna Fatchiya},
    year = {2025},
    title = {{Proses Dialog dan Aksi Kolektif dalam Kegiatan Restorasi Lahan Gambut di Sumatera Selatan}},
    school = {Institut Pertanian Bogor}
}

@proceedings{santoso-2019:saintek-kebencanaan,
    author = {Agus Santoso},
    year = {2019},
    month = {Oktober},
    day = {3},
    title = {{Prosiding Seminar Nasional Matematika, Sains, dan Teknologi}},
    address = {Tangerang Selatan},
    issn = {2088-0014}
}

@inproceedings{mariam-2019:saintek-kebencanaan:pangan-darurat,
    author = {Siti Mariam},
    year = {2019},
    month = {Oktober},
    day = {3},
    title = {{Pengembangan Pangan Darurat untuk Memenuhi Kebutuhan Gizi Masyarakat di Daerah Terdampak Bencana}},
    booktitle = {{Seminar Nasional Matematika, Sains, dan Teknologi}},
    address = {Bandung}
}

@misc{sumawarti-2010:kompleks-soal-mtk,
    author = {Sumawarti},
    year = {2010},
    month = {November},
    title = {{Unsur Linguistik dan Wacana: Memengaruhi Kompleksitas Soal Cerita Matematika}},
    howpublished = {Presentasi makalah dalam Pertemuan Ilmiah Bahasa dan Sastra Indonesia, Jakarta}
}

@online{soekatno-2021:konjungsi-dimana,
    author = {Revi Soekatno},
    year = {2021},
    month = {Mei},
    day = {11},
    title = {{Bagaimana penggunaan kata penghubung ``di mana''? Apakah ini baku?}},
    urldate = {September 14, 2025},
    url = {https://qr.ae/p2iXdi}
}

@online{BPS-2025:jumlah-jemaah-24,
    author = {{Badan Pusat Statistik Indonesia}},
    year = 2025,
    month = {Januari},
    day = 14,
    title = {{Jumlah Jemaah Haji yang Diberangkatkan ke Tanah Suci Mekah Menurut Provinsi, 2024}},
    urldate = {Juli 31, 2025},
    url = {https://www.bps.go.id/id/statistics-table/3/ZVZwMGQySkRRbWx6WnpSVmMyRkVTa052WlRoUGR6MDkjMyMwMDAw/jumlah-jemaah-haji-yang-diberangkatkan-ke-tanah-suci-mekah-menurut-provinsi.html?year=2024}
}

@misc{BPK-RI-2009:PPLH,
    author = {{Badan Pemeriksa Keuangan Republik Indonesia}},
    year = {2009},
    title = {{Undang-undang (UU) Nomor 32 Tahun 2009 tentang Perlindungan dan Pengelolaan Lingkungan Hidup}},
    url = {https://peraturan.bpk.go.id/Download/28100/UU%20Nomor%2032%20Tahun%202009.pdf}
}