@article{arcidiacono2017,
    author = {Gabriele Arcidiacono and S. Nuzzi},
    year = {2017},
    title = {{A Review of The Fundamentals on Process Capability, Process Performance, and Process Sigma, and an Introduction to Process Sigma Split}},
    journal = {International Journal of Applied Engineering Research},
    volume = {12},
    number = {4},
    pages = {4556--4570}
}

@book{ariani2004,
    author = {Ariani},
    year = {2004},
    title = {\textit{Pengendalian Kualitas Statistik (Pendekatan Kuantitatif dalam Manajemen Kualitas}},
    address = {Yogyakarta},
    publisher = {ANDI}
}

@article{bordignon2002statistical,
    title={{Statistical Analysis of Process Capability Indices with Measurement Errors}},
    author={Bordignon, Silvano and Scagliarini, Michele},
    journal={Quality and Reliability Engineering International},
    volume={18},
    number={4},
    pages={321--332},
    year={2002},
    publisher={Wiley Online Library}
}

@book{gasperz2004production,
    title={{Production Planning and Inventory Control}},
    author={Gasperz, Vincent},
    address={Jakarta},
    publisher={PT Gramedia Pustaka Utama},
    year={2004}
}

@article{gildeh2014estimation,
    title={Estimation of {$C_{pmk}$} {Process Capability Index Based on Bootstrap Method for Weibull Distribution: A Case Study}},
    author={Bahram Sadeghpour
    Gildeh and Azamsadat Iziy and Bahareh Ghasempour},
    journal={International Journal for Quality Research},
    volume={8},
    number={2},
    pages={255--264},
    year={2014}
}

@book{harjosoedarmo1996,
    author={Hardjosoedarmo, Soewarso},
    year={1996},
    title={{Dasar-dasar Total Quality Management}},
    address={Yogyakarta},
    publisher={ANDI}
}

@book{harry1991,
    author = {Harry, M. and Prins, J.},
    year = {1991},
    title = {{The Vision of Six Sigma: Mathematical Constructs Related to Process Centering}},
    publisher = {Motorola University Press},
    address = {Schaumberg}
}

@article{kotz2002process,
    title={{Process Capability Indicesâ€”A Review, 1992--2000}},
    author={Kotz, Samuel and Johnson, Norman L},
    journal={Journal of Quality Technology},
    volume={34},
    number={1},
    pages={2--19},
    year={2002},
    publisher={Taylor \& Francis}
}

@online{lahcene2018,
    author = {Lahcene, B},
    year = {2018},
    title = {{Process Capability Analysis with Non-normal Data Used in Quality Control}},
    url = {https://www.researchgate.net/publication/327651445}
}

@article{mccormack2000capability,
    title={{Capability Indices for Non-normal Data}},
    author={McCormack Jr, DW and Harris, Ian R and Hurwitz, Arnon M and Spagon, Patrick D},
    journal={Quality Engineering},
    volume={12},
    number={4},
    pages={489--495},
    year={2000},
    publisher={Taylor \& Francis}
}

@book{montgomery2009,
    title={{Statistical Quality Control: A Modern Introduction}},
    author={Montgomery, Douglas C},
    edition={6},
    year={2009},
    publisher={John Wiley and Sons (Asia) Pte. Ltd.}
}

@book{montgomery2013,
    title={{Introduction to Statistical Quality Control}},
    author={Montgomery, Douglas C},
    edition={7},
    year={2013},
    address={Hoboken},
    publisher={Wiley}
}

@article{pearn1992distributional,
    title={{Distributional and Inferential Properties of Process Capability Indices}},
    author={Pearn, Wen Lea and Kotz, Samuel and Johnson, Norman L},
    journal={Journal of Quality Technology},
    volume={24},
    number={4},
    pages={216--231},
    year={1992},
    publisher={Taylor \& Francis}
}

@article{wooluru2014process,
    title={{The Process Capability Analysis --- A Tool for Process Performance Measures and Metrics --- A Case Study}},
    author={Wooluru, Yerriswamy and Swamy, DR and Nagesh, P},
    journal={International Journal for Quality Research},
    volume={8},
    number={3},
    pages={399--416},
    year={2014}
}

@article{wu2009overview,
    title={{An Overview of Theory and Practice on Process Capability Indices for Quality Assurance}},
    author={Wu, Chien-Wei and Pearn, WL and Kotz, Samuel},
    journal={International Journal of Production Economics},
    volume={117},
    number={2},
    pages={338--359},
    year={2009},
    publisher={Elsevier}
}

@book{yuri2013tqm,
    title={{TQM Manajemen Kualitas Total dalam Perspektif Teknik Industri}},
    author={Yuri, MZ and Nurcahyo, Rahmat},
    address={Jakarta},
    publisher={Indeks},
    year={2013}
}

@phdthesis{zhang2010conditional,
    title={{Conditional Confidence Intervals of Process Capability Indices Following Rejection of Preliminary Tests}},
    author={Zhang, Jianchun},
    year={2010},
    school={The University of Texas at Arlington, USA}
}