@book{hardono2022,
    author = {Hardono, A P},
    year = {2022},
    title = {{Komputer I}},
    address = {Tangerang Selatan},
    publisher = {Universitas Terbuka}
}