@book{hanafi2021,
    author = {Hanafi, M M},
    year = 2021,
    title = {{Manajemen}},
    edition = {3}
    address = {Tangerang Selatan},
    publisher = {Universitas Terbuka}
}

@article{maruta2018,
    author = {Maruta, H},
    year = {2018},
    title = {{Analisis Break Even Point (BEP) sebagai Dasar Perencanaan Laba bagi Manajemen}},
    journal = {JAS: Jurnal Akuntansi Syariah},
    volume = {2},
    number = {1},
    pages = {9--28}
}