@online{prodi-statistika,
    title = {Prodi Statistika},
    url = {https://fst.ut.ac.id/index.php/statistika-s1}
}

@book{univterbuka-2020:katalog,
    year = {2020},
    title = {Katalog {UT}},
    publisher = {Universitas Terbuka}
}

@online{tentang-ut,
    title = {Tentang {UT}},
    url = {https://www.ut.ac.id/tentang-ut}
}

@article{izhari-2020:analysis-of-backpropagation,
    doi = {10.1088/1757-899X/725/1/012103},
    year = {2020},
    month = {Januari},
    publisher = {IOP Publishing},
    volume = {725},
    number = {1},
    pages = {1--6},
    author = {Fahmi Izhari and Muhammad Zarlis and Sutarman},
    title = {Analysis of backpropagation neural neural network algorithm on student ability based cognitive aspects},
    journal = {IOP Conference Series: Materials Science and Engineering}
}

@article{roman-2020:application-metamodel-ANN,
    title = {Application and characterization of metamodels based on artificial neural networks for building performance simulation: A systematic review},
    journal = {Energy and Buildings},
    volume = {217},
    pages = {109972},
    year = {2020},
    issn = {0378-7788},
    doi = {https://doi.org/10.1016/j.enbuild.2020.109972},
    author = {Nadia D. Roman and Facundo Bre and Victor D. Fachinotti and Roberto Lamberts}
}

@book{haykin-2007:neutral-networks,
    author = {Simon Haykin},
    year = {2007},
    title = {Neutral Networks: A Comprehensive Foundation},
    publisher = {Prentice Hall}
}

@article{paola-1995:review-analysis-backpropagation,
    author = {J. D. Paola and R. A. Schowengerdt},
    title = {A review and analysis of backpropagation neural networks for classification of remotely-sensed multi-spectral imagery},
    journal = {International Journal of Remote Sensing},
    volume = {16},
    number = {16},
    pages = {3033--3058},
    year = {1995},
    publisher = {Taylor \& Francis},
    doi = {10.1080/01431169508954607}
}

@article{chiroma-2018:,
    author = {Chiroma, Haruna and Ali, Usman and Abdulhamid, Shafiâ€™i and AlArood, Ala and Rana, Nadim and Shuib, Liyana and Hashem, Ibrahim and Dada, Emmanuel and Abubakar, Adamu and Zeki, Akram and Herawan, Tutut},
    year = {2019},
    title = {Progress on Artificial Neural Networks for Big Data Analytics: A Survey},
    volume = {7},
    journal = {IEEE Access},
    doi = {10.1109/ACCESS.2018.2880694}
}

@inproceedings{Hasanah-2014:isoss,
    author    = {S. Hasanah},
    title     = {Comparison Of Method Classification Artificial Neural Network Back Propagation, Logistic Regression, And {M}ultivariate {A}daptive {R}egression {S}plines ({MARS}) (Case Study Data Of Unsecured Loan)},
    booktitle = {Islamic Countries Society of Statistical Sciences},
    year      = {2014},
    pages     = {477--486},
    publisher = {Islamic Countries Society of Statistical Sciences},
    url       = {www.isoss.net}
}

@article{Boithias-2012,
    author  = {Boithias, F. and El Mankibi, M. and Michel, P.},
    title   = {Genetic algorithms based optimization of artificial neural network architecture for buildings' indoor discomfort and energy consumption prediction},
    journal = {Building Simulation},
    year    = {2012},
    volume  = {5},
    pages   = {95--106},
    doi     = {10.1007/s12273-012-0059-6}
}

@article{kalyan-2014,
    author = {Karthik Kalyan and Binal Jakhia and Ramachandra Dattatraya Lele and Mukund Joshi and Abhay Chowdhary},
    year = {2014},
    title = {Artificial neural network application in the diagnosis of disease conditions with liver ultrasound images},
    journal = {Advances in Bioinformatics},
    volume = {2014},
    doi = {10.1155/2014/708279}
}

@article{shi-2012,
    author = {Hon-Yi Shi and King-Teh Lee and Hao-Hsien Lee and Wen-Hsien Ho and Ding-Ping Sun and Jhi-Joung Wang and Chong-Chi Chiu},
    year = {2012},
    title = {Comparison of Artificial Neural Network and Logistic Regression Models for Predicting In-Hospital Mortality after Primary Liver Cancer Surgery},
    journal = {PLoS ONE},
    volume = {7},
    number = {4},
    doi = {10.1371/journal.pone.0035781}
}

@article{raymundo-2012:artificial,
    title={Artificial Neural Network Model and Multiple Regression Analysis Model In Predicting Rainfall-The Case of Isabela, Philippines},
    author={Raymundo, Reyson P and Raymundo, Donna Mae S},
    journal={International Journal of Arts \& Sciences},
    volume={5},
    number={4},
    pages={243},
    year={2012},
    publisher={International Journal of Arts and Sciences LLC}
}

@article{aksu-2019:effect,
    title={The effect of the normalization method used in different sample sizes on the success of artificial neural network model},
    author={Aksu, G{\"o}khan and G{\"u}zeller, Cem Oktay and Eser, Mehmet Taha},
    journal={International Journal of Assessment Tools in Education},
    volume={6},
    number={2},
    pages={170--192},
    year={2019},
    publisher={{\.I}zzet KARA}
}

@article{mirtalaei-2012:trust,
    title={A trust-based bio-inspired approach for credit lending decisions},
    author={Mirtalaei, Monireh Sadat and Saberi, Morteza and Hussain, Omar Khadeer and Ashjari, Behzad and Hussain, Farookh Khadeer},
    journal={Computing},
    volume={94},
    number={7},
    pages={541--577},
    year={2012},
    publisher={Springer}
}