@article{arif2014,
    author = {Arif, D B},
    year = {2014},
    title = {{Pendidikan Kewarganegaraan dan Pembentukan Karakter Demokratis Warga Negara}},
    journal = {Academia.edu}
}

@article{besari2022,
    author = {Besari, A},
    year = {2022},
    title = {{Pendidikan Keluarga sebagai Pendidikan Pertama bagi Anak}},
    journal = {Jurnal Paradigma},
    volume = {14},
    number = {1},
    pages = {163--176}
}

@book{lasiyo2021,
    author = {Lasiyo and Wikandaru, R and Hastangka},
    year = {2021},
    title = {Pendidikan Kewarganegaraan},
    address = {Tangerang Selatan},
    publisher = {Universitas Terbuka}
}

@article{malik2021,
    author = {Malik, G A and Maso, M S S P and Akbar, M Z and Fathona, S},
    year = {2021},
    title = {{Penerapan Demokrasi Berkeadaban dalam Kebudayaan dan Tradisi Suku Bugis}},
    journal = {Jurnal Kewarganegaraan},
    volume = {5},
    number = {2},
    pages = {701--707}
}

@article{suryawan2018,
    author = {Suryawan, I G A J},
    year = {2018},
    title = {{Pendidikan Keluarga sebagai Pondasi Awal Karakter Bangsa}},
    journal = {Purwadita},
    volume = {2},
    number = {1},
    pages = {52--59}
}

@article{widiawati2020,
    author = {Widiawati and Wiranata, I H},
    year = {2020},
    title = {{Implementasi Demokrasi dan Hak Manusia dalam Membangun Masyarakat yang Demokratis}},
    journal = {Jurnal Kalacakra},
    volume = {1},
    number = {1},
    pages = {41--46}
}

@book{kbbi,
    title = {{Kamus Besar Bahasa Indonesia}},
    publisher = {Kementerian Pendidikan dan Kebudayaan},
    url = {https://kbbi.kemdikbud.go.id/},
    urldate = {Desember 1, 2024}
}

@online{hukumonline2024,
    year = {2024},
    title = {{Demokrasi: Sejarah dan Pelaksanaannya di Indonesia}},
    publisher = {Hukum Online},
    url = {https://www.hukumonline.com/berita/a/demokrasi-lt61b739dbb5bf8/},
    urldate = {Desember 1, 2024}
}

@article{putri2020,
    author = {Putri, A S},
    year = {2020},
    title = {{Pentingnya Kehidupan Demokratis di Indonesia}},
    journal = {Kompas},
    url = {https://www.kompas.com/skola/read/2020/02/07/183000369/pentingnya-kehidupan-demokratis-di-indonesia},
    urldate = {November 30, 2024}
}

@online{smkGitaKirtti2019,
    year = {2019},
    title = {{Pentingnya Kehidupan Demokrasi dalam Masyarakat}},
    publisher = {SMK Gita Kirtti 1 Jakarta},
    url = {https://www.smkgiki1.sch.id/index.php/read/7/program-kerja},
    urldate = {November 30, 2024}
}

@online{yusuf2024,
    author = {Yusuf, A E},
    year = {2024},
    title = {{Pentingnya Etika dan Moral Dalam Kehidupan Demokrasi}},
    publisher = {Binus University},
    url = {https://binus.ac.id/character-building/2024/02/pentingnya-etika-dan-moral-dalam-kehidupan-demokrasi/},
    urldate = {Desember 1, 2024}
}