@online{BPS-2025:jumlah-jemaah-24,
    author = {{Badan Pusat Statistik Indonesia}},
    year = 2025,
    month = {Januari},
    day = 14,
    title = {{Jumlah Jemaah Haji yang Diberangkatkan ke Tanah Suci Mekah Menurut Provinsi, 2024}},
    urldate = {Juli 31, 2025},
    url = {https://www.bps.go.id/id/statistics-table/3/ZVZwMGQySkRRbWx6WnpSVmMyRkVTa052WlRoUGR6MDkjMyMwMDAw/jumlah-jemaah-haji-yang-diberangkatkan-ke-tanah-suci-mekah-menurut-provinsi.html?year=2024}
}

@article{fitriani-2024:pelatihan-latex,
    author = {Fitriani and Ahmad Faisol and Aang Nuryaman and Dian Kurniasari and Bernadhita Herindri Samodera Utami},
    year = {2024},
    title = {{Pelatihan LaTeX Menggunakan Overleaf untuk Meningkatkan 
    Kemampuan Penulisan Karya Ilmiah bagi Dosen di Pringsewu}},
    journal = {Jurnal Pengabdian Kepada Masyarakat TABIKPUN},
    volume = {5},
    number = {3}
}